% This file was created with JabRef 2.7.2.
% Encoding: GBK

@INPROCEEDINGS{Sanadhya:2012:ACI:2348543.2348565,
  author = {Sanadhya, Shruti and Sivakumar, Raghupathy and Kim, Kyu-Han and Congdon,
	Paul and Lakshmanan, Sriram and Singh, Jatinder Pal},
  title = {Asymmetric caching: improved network deduplication for mobile devices},
  booktitle = {Proceedings of the 18th annual international conference on Mobile
	computing and networking},
  year = {2012},
  series = {Mobicom '12},
  pages = {161--172},
  address = {New York, NY, USA},
  publisher = {ACM},
  acmid = {2348565},
  doi = {10.1145/2348543.2348565},
  isbn = {978-1-4503-1159-5},
  keywords = {asymmetric caching, bandwidth conservation, mobile devices, mobile
	networks, mobile traffic, network deduplication},
  location = {Istanbul, Turkey},
  numpages = {12},
  owner = {Yongsen},
  timestamp = {2012.11.06}
}

@INPROCEEDINGS{Rozner:2010:NNP:1814433.1814445,
  author = {Rozner, Eric and Navda, Vishnu and Ramjee, Ramachandran and Rayanchu,
	Shravan},
  title = {NAPman: network-assisted power management for wifi devices},
  booktitle = {Proceedings of the 8th international conference on Mobile systems,
	applications, and services},
  year = {2010},
  series = {MobiSys '10},
  pages = {91--106},
  address = {New York, NY, USA},
  publisher = {ACM},
  acmid = {1814445},
  doi = {10.1145/1814433.1814445},
  isbn = {978-1-60558-985-5},
  keywords = {802.11, access points (APs), power save mode (PSM), scheduling, smart-phones,
	wireless local area networks (WLANSs)},
  location = {San Francisco, California, USA},
  numpages = {16},
  owner = {Yongsen},
  timestamp = {2012.11.06}
}

@INPROCEEDINGS{Qian:2011:PRU:1999995.2000026,
  author = {Qian, Feng and Wang, Zhaoguang and Gerber, Alexandre and Mao, Zhuoqing
	and Sen, Subhabrata and Spatscheck, Oliver},
  title = {Profiling resource usage for mobile applications: a cross-layer approach},
  booktitle = {Proceedings of the 9th international conference on Mobile systems,
	applications, and services},
  year = {2011},
  series = {MobiSys '11},
  pages = {321--334},
  address = {New York, NY, USA},
  publisher = {ACM},
  acmid = {2000026},
  doi = {10.1145/1999995.2000026},
  isbn = {978-1-4503-0643-0},
  keywords = {3G networks, UMTS, crosslayer analysis, radio resource optimization,
	rrc state machine, smartphone applications},
  location = {Bethesda, Maryland, USA},
  numpages = {14},
  owner = {Yongsen},
  timestamp = {2012.11.06}
}

@INPROCEEDINGS{Nguyen:2011:OCD:2030613.2030624,
  author = {Nguyen, Nam P. and Dinh, Thang N. and Tokala, Sindhura and Thai,
	My T.},
  title = {Overlapping communities in dynamic networks: their detection and
	mobile applications},
  booktitle = {Proceedings of the 17th annual international conference on Mobile
	computing and networking},
  year = {2011},
  series = {MobiCom '11},
  pages = {85--96},
  address = {New York, NY, USA},
  publisher = {ACM},
  acmid = {2030624},
  doi = {10.1145/2030613.2030624},
  isbn = {978-1-4503-0492-4},
  keywords = {communication network, community detection, forwarding routing strategies,
	mobile network, worm containment},
  location = {Las Vegas, Nevada, USA},
  numpages = {12},
  owner = {Yongsen},
  timestamp = {2012.11.06}
}

@INPROCEEDINGS{Manweiler:2011:ARH:1999995.2000020,
  author = {Manweiler, Justin and Roy Choudhury, Romit},
  title = {Avoiding the rush hours: WiFi energy management via traffic isolation},
  booktitle = {Proceedings of the 9th international conference on Mobile systems,
	applications, and services},
  year = {2011},
  series = {MobiSys '11},
  pages = {253--266},
  address = {New York, NY, USA},
  publisher = {ACM},
  acmid = {2000020},
  doi = {10.1145/1999995.2000020},
  isbn = {978-1-4503-0643-0},
  keywords = {802.11, AP, PSM, WLAN, beacon, contention, scheduling},
  location = {Bethesda, Maryland, USA},
  numpages = {14},
  owner = {Yongsen},
  timestamp = {2012.11.06}
}

@INPROCEEDINGS{Magistretti:2010:IML:1859995.1860030,
  author = {Magistretti, Eugenio and Gurewitz, Omer and Knightly, Edward},
  title = {Inferring and mitigating a link's hindering transmissions in managed
	802.11 wireless networks},
  booktitle = {Proceedings of the sixteenth annual international conference on Mobile
	computing and networking},
  year = {2010},
  series = {MobiCom '10},
  pages = {305--316},
  address = {New York, NY, USA},
  publisher = {ACM},
  acmid = {1860030},
  doi = {10.1145/1859995.1860030},
  isbn = {978-1-4503-0181-7},
  keywords = {802.11, coordination, inference, interference, wlans},
  location = {Chicago, Illinois, USA},
  numpages = {12},
  owner = {Yongsen},
  timestamp = {2012.11.06}
}

@INPROCEEDINGS{Magistretti:2011:WRW:2030613.2030619,
  author = {Magistretti, Eugenio and Chintalapudi, Krishna Kant and Radunovic,
	Bozidar and Ramjee, Ramachandran},
  title = {WiFi-Nano: reclaiming WiFi efficiency through 800 ns slots},
  booktitle = {Proceedings of the 17th annual international conference on Mobile
	computing and networking},
  year = {2011},
  series = {MobiCom '11},
  pages = {37--48},
  address = {New York, NY, USA},
  publisher = {ACM},
  acmid = {2030619},
  doi = {10.1145/2030613.2030619},
  isbn = {978-1-4503-0492-4},
  keywords = {802.11, WiFi},
  location = {Las Vegas, Nevada, USA},
  numpages = {12},
  owner = {Yongsen},
  timestamp = {2012.11.06}
}

@INPROCEEDINGS{Gudipati:2011:SAR:2018436.2018455,
  author = {Gudipati, Aditya and Katti, Sachin},
  title = {Strider: automatic rate adaptation and collision handling},
  booktitle = {Proceedings of the ACM SIGCOMM 2011 conference},
  year = {2011},
  series = {SIGCOMM '11},
  pages = {158--169},
  address = {New York, NY, USA},
  publisher = {ACM},
  acmid = {2018455},
  doi = {10.1145/2018436.2018455},
  isbn = {978-1-4503-0797-0},
  keywords = {collision decoding, hidden terminals, rate adaptation, rateless coding},
  location = {Toronto, Ontario, Canada},
  numpages = {12},
  owner = {Yongsen},
  timestamp = {2012.11.06}
}

@INPROCEEDINGS{Gollakota:2011:CRS:2018436.2018456,
  author = {Gollakota, Shyamnath and Adib, Fadel and Katabi, Dina and Seshan,
	Srinivasan},
  title = {Clearing the RF smog: making 802.11n robust to cross-technology interference},
  booktitle = {Proceedings of the ACM SIGCOMM 2011 conference},
  year = {2011},
  series = {SIGCOMM '11},
  pages = {170--181},
  address = {New York, NY, USA},
  publisher = {ACM},
  acmid = {2018456},
  doi = {10.1145/2018436.2018456},
  isbn = {978-1-4503-0797-0},
  keywords = {cognitive mimo, cross-technology interference},
  location = {Toronto, Ontario, Canada},
  numpages = {12},
  owner = {Yongsen},
  timestamp = {2012.11.06}
}

@INPROCEEDINGS{Chai:2012:BES:2348543.2348564,
  author = {Chai, Eugene and Lee, Jeongkeun and Lee, Sung-Ju and Etkin, Raul
	and Shin, Kang G.},
  title = {Building efficient spectrum-agile devices for dummies},
  booktitle = {Proceedings of the 18th annual international conference on Mobile
	computing and networking},
  year = {2012},
  series = {Mobicom '12},
  pages = {149--160},
  address = {New York, NY, USA},
  publisher = {ACM},
  acmid = {2348564},
  doi = {10.1145/2348543.2348564},
  isbn = {978-1-4503-1159-5},
  keywords = {hybrid radio, per-frame spectrum shaping, software-defined radio,
	spectrum agility, spectrum-agile preamble detection},
  location = {Istanbul, Turkey},
  numpages = {12},
  owner = {Yongsen},
  timestamp = {2012.11.06}
}

@INPROCEEDINGS{Bhartia:2011:HFD:2030613.2030642,
  author = {Bhartia, Apurv and Chen, Yi-Chao and Rallapalli, Swati and Qiu, Lili},
  title = {Harnessing frequency diversity in {Wi-Fi} networks},
  booktitle = {Proceedings of the 17th annual international conference on Mobile
	computing and networking},
  year = {2011},
  series = {MobiCom '11},
  pages = {253--264},
  address = {New York, NY, USA},
  publisher = {ACM},
  acmid = {2030642},
  doi = {10.1145/2030613.2030642},
  isbn = {978-1-4503-0492-4},
  keywords = {IEEE 802.11, cross layer design, forward error correction (FEC), orthorgonal
	frequency division multiplexing (OFDM), rate adaptation},
  location = {Las Vegas, Nevada, USA},
  numpages = {12},
  owner = {Yongsen},
  timestamp = {2012.11.06}
}

@INPROCEEDINGS{Balan:2012:AHD:2348543.2348552,
  author = {Balan, Horia Vlad and Rogalin, Ryan and Michaloliakos, Antonios and
	Psounis, Konstantinos and Caire, Giuseppe},
  title = {Achieving high data rates in a distributed MIMO system},
  booktitle = {Proceedings of the 18th annual international conference on Mobile
	computing and networking},
  year = {2012},
  series = {Mobicom '12},
  pages = {41--52},
  address = {New York, NY, USA},
  publisher = {ACM},
  acmid = {2348552},
  doi = {10.1145/2348543.2348552},
  isbn = {978-1-4503-1159-5},
  keywords = {software radio, synchronization, virtual mimo, wireless},
  location = {Istanbul, Turkey},
  numpages = {12},
  owner = {Yongsen},
  timestamp = {2012.11.06}
}

@inproceedings{Ahmed2008Online,
  author = {Ahmed, Nabeel and Ismail, Usman and Keshav, Srinivasan and Papagiannaki, Konstantina},
 title = {Online estimation of {RF} interference},
 booktitle = {Proceedings of the 2008 ACM CoNEXT Conference},
 series = {CoNEXT '08},
 year = {2008},
 isbn = {978-1-60558-210-8},
 location = {Madrid, Spain},
 pages = {4:1--4:12},
 articleno = {4},
 numpages = {12},
 doi = {10.1145/1544012.1544016},
 acmid = {1544016},
 publisher = {ACM},
 address = {New York, NY, USA},
}

@ARTICLE{5620919,
  author = {Boppana, R. and X. Su},
  title = {On the Effectiveness of Monitoring for Intrusion Detection in Mobile
	{Ad Hoc} Networks},
  journal = {IEEE Transactions on Mobile Computing},
  year = {2011},
  volume = {10},
  pages = {1162 -1174},
  number = {8},
  month = {Aug.},
  doi = {10.1109/TMC.2010.210},
  issn = {1536-1233},
  keywords = {Glomosim simulator;Markov models;data forwarding;false positive behavior;mobile
	ad hoc networks;monitoring-based intrusion detection;probabilistic
	noise generator model;revised noise model;three-node configuration;Markov
	processes;mobile ad hoc networks;telecommunication security;},
  owner = {root},
  timestamp = {2012.05.13}
}

@ARTICLE{chen2011ram,
  author = {Chen, X. and Gangwal, P. and Qiao, D.},
  title = {{RAM}: Rate Adaptation in Mobile Environments},
  journal = {IEEE Transactions on Mobile Computing},
  year = {2012},
  volume = {11},
  pages = {464 -477},
  number = {3},
  month = {Mar.},
  owner = {MaYongsen},
  publisher = {IEEE},
  timestamp = {2012.07.24}
}

@inproceedings{Bala2010wifi,
 author = {Balasubramanian, Aruna and Mahajan, Ratul and Venkataramani, Arun},
 title = {Augmenting mobile {3G} using {WiFi}},
 booktitle = {Proceedings of the 8th international conference on Mobile systems, applications, and services},
 series = {MobiSys '10},
 year = {2010},
 isbn = {978-1-60558-985-5},
 location = {San Francisco, California, USA},
 pages = {209--222},
 numpages = {14},
 doi = {10.1145/1814433.1814456},
 acmid = {1814456},
 publisher = {ACM},
 address = {New York, NY, USA},
 keywords = {3G augmentation, applications, vehicular network, wifi},
}

@inproceedings{Deek:2011,
 author = {Deek, Lara and Garcia-Villegas, Eduard and Belding, Elizabeth and Lee, Sung-Ju and Almeroth, Kevin},
 title = {The impact of channel bonding on 802.11n network management},
 booktitle = {Proceedings of the Seventh COnference on emerging Networking EXperiments and Technologies},
 series = {CoNEXT '11},
 year = {2011},
 isbn = {978-1-4503-1041-3},
 location = {Tokyo, Japan},
 pages = {11:1--11:12},
 articleno = {11},
 numpages = {12},
 doi = {10.1145/2079296.2079307},
 acmid = {2079307},
 publisher = {ACM},
 address = {New York, NY, USA}
}

@ARTICLE{dujovne2010taxonomy,
  author = {Dujovne, D. and Turletti, T. and Filali, F.},
  title = {A Taxonomy of {IEEE} 802.11 Wireless Parameters and Open Source Measurement
	Tools},
  journal = {Communications Surveys Tutorials, IEEE},
  year = {2010},
  volume = {12},
  pages = {249 -262},
  number = {2},
  owner = {MaYongsen},
  timestamp = {2012.04.13}
}

@inproceedings{floyd2000equation,
 author = {Floyd, Sally and Handley, Mark and Padhye, Jitendra and Widmer, J\"{o}rg},
 title = {Equation-based congestion control for unicast applications},
 booktitle = {Proceedings of the conference on Applications, Technologies, Architectures, and Protocols for Computer Communication},
 series = {SIGCOMM '00},
 year = {2000},
 isbn = {1-58113-223-9},
 location = {Stockholm, Sweden},
 pages = {43--56},
 numpages = {14},
 doi = {10.1145/347059.347397},
 acmid = {347397},
 publisher = {ACM},
 address = {New York, NY, USA}
}

@inproceedings{Halperin2010predictable,
 author = {Halperin, Daniel and Hu, Wenjun and Sheth, Anmol and Wetherall, David},
 title = {Predictable 802.11 packet delivery from wireless channel measurements},
 booktitle = {Proceedings of the ACM SIGCOMM 2010 conference},
 series = {SIGCOMM '10},
 year = {2010},
 isbn = {978-1-4503-0201-2},
 location = {New Delhi, India},
 pages = {159--170},
 numpages = {12},
 doi = {10.1145/1851182.1851203},
 acmid = {1851203},
 publisher = {ACM},
 address = {New York, NY, USA}
}

@ARTICLE{hiertz2010802.11,
  author = {Hiertz, Guido R. and Denteneer, Dee and Stibor, Lothar and Zang,
	Yunpeng and Costa, Xavier P{\'e}rez and Walke, Bernhard},
  title = {The {IEEE} 802.11 universe},
  journal = {Comm. Mag.},
  year = {2010},
  volume = {48},
  pages = {62--70},
  number = {1},
  month = {Jan.},
  acmid = {1820997},
  address = {Piscataway, NJ, USA},
  issn = {0163-6804},
  issue_date = {January 2010},
  numpages = {9},
  owner = {MaYongsen},
  publisher = {IEEE Press},
  timestamp = {2012.04.20}
}

@inproceedings{judd2008efficient,
 author = {Judd, Glenn and Wang, Xiaohui and Steenkiste, Peter},
 title = {Efficient channel-aware rate adaptation in dynamic environments},
 booktitle = {Proceedings of the 6th international conference on Mobile systems, applications, and services},
 series = {MobiSys '08},
 year = {2008},
 isbn = {978-1-60558-139-2},
 location = {Breckenridge, CO, USA},
 pages = {118--131},
 numpages = {14},
 doi = {10.1145/1378600.1378615},
 acmid = {1378615},
 publisher = {ACM},
 address = {New York, NY, USA},
 keywords = {rate selection},
  owner = {MaYongsen},
  timestamp = {2012.07.20}
}

@inproceedings{kashyap2007capacity,
 author = {Kashyap, Anand and Ganguly, Samrat and Das, Samir R.},
 title = {A measurement-based approach to modeling link capacity in 802.11-based wireless networks},
 booktitle = {Proceedings of the 13th annual ACM international conference on Mobile computing and networking},
 series = {MobiCom '07},
 year = {2007},
 isbn = {978-1-59593-681-3},
 location = {Montr\&\#233;al, Qu\&\#233;bec, Canada},
 pages = {242--253},
 numpages = {12},
 doi = {10.1145/1287853.1287883},
 acmid = {1287883},
 publisher = {ACM},
 address = {New York, NY, USA},
 keywords = {802.11, wireless interference, wireless network capacity},
  owner = {MaYongsen},
  timestamp = {2012.04.17}
}

@inproceedings{kim2010sybot,
  author = {Kim, Kyu-Han and Min, Alexander W. and Shin, Kang G.},
 title = {Sybot: an adaptive and mobile spectrum survey system for {Wi-Fi} networks},
 booktitle = {Proceedings of the sixteenth annual international conference on Mobile computing and networking},
 series = {MobiCom '10},
 year = {2010},
 isbn = {978-1-4503-0181-7},
 location = {Chicago, Illinois, USA},
 pages = {293--304},
 numpages = {12},
 doi = {10.1145/1859995.1860029},
 acmid = {1860029},
 publisher = {ACM},
 address = {New York, NY, USA},
  owner = {MaYongsen},
  timestamp = {2012.04.13}
}

@INPROCEEDINGS{kim2006accurate,
 author = {Kim, Kyu-Han and Shin, Kang G.},
 title = {On accurate measurement of link quality in multi-hop wireless mesh networks},
 booktitle = {Proceedings of the 12th annual international conference on Mobile computing and networking},
 series = {MobiCom '06},
 year = {2006},
 isbn = {1-59593-286-0},
 location = {Los Angeles, CA, USA},
 pages = {38--49},
 numpages = {12},
 doi = {10.1145/1161089.1161095},
 acmid = {1161095},
 publisher = {ACM},
 address = {New York, NY, USA},
  owner = {MaYongsen},
  timestamp = {2012.04.17},
}

@inproceedings{CSI-SF,
  author = {Crepaldi, Riccardo and Lee, Jeongkeun and Etkin, Raúl H. and Lee, Sung-Ju and Kravets, Robin},
  booktitle = {INFOCOM 2012},
  isbn = {978-1-4673-0773-4},
  keywords = {dblp},
  pages = {154-162},
  publisher = {IEEE},
  title = {CSI-SF: Estimating wireless channel state using {CSI} sampling \& fusion.},
  year = 2012,
  owner = {MaYongsen},
  timestamp = {2012.07.25}
}

@inproceedings{kim2009experimental,
  author={Wonsoo Kim and Khan, O. and Truong, K.T. and Soon-Hyeok Choi and Grant, R. and Wright, H.K. and Mandke, K. and Daniels, R.C. and Heath, R.W. and Nettles, S.M.},
booktitle={INFOCOM 2009},
title={An Experimental Evaluation of Rate Adaptation for Multi-Antenna Systems},
year={2009},
month={april},
volume={},
number={},
pages={2313 -2321},
publisher = {IEEE},
keywords={IEEE 802.11n PHY;IEEE 802.16;emulated channels;experimental evaluation;explicit feedback;feedback channel state;hardware platform;hydra;implicit feedback;multi-antenna nodes;multi-antenna system;multiple spatial streams;packets;physical layer;rate adaptation algorithm;rate information;single antenna systems;spatial multiplexing;transmission coding;transmission mode;transmission modulation;two antenna systems;wireless network node;IEEE standards;antennas;multiuser channels;radio networks;space division multiplexing;telecommunication standards;},
doi={10.1109/INFCOM.2009.5062157},
ISSN={0743-166X},
  owner = {MaYongsen},
  timestamp = {2012.07.20}
}

@ARTICLE{kolar2011mesh,
  author = {Kolar, V. and Razak, S. and M\"{a}h\"{o}nen, P. and Abu-Ghazaleh,
	N. B.},
  title = {Link quality analysis and measurement in wireless mesh networks},
  journal = {Ad Hoc Netw.},
  year = {2011},
  volume = {9},
  pages = {1430--1447},
  number = {8},
  month = {Nov.},
  acmid = {2009824},
  address = {Amsterdam, The Netherlands, The Netherlands},
  doi = {10.1016/j.adhoc.2011.03.005},
  issn = {1570-8705},
  issue_date = {November, 2011},
  keywords = {Distribution, Measurement, Measurement framework, Packet error rate,
	Signal strength, Wireless networks},
  numpages = {18},
  owner = {MaYongsen},
  publisher = {Elsevier Science Publishers B. V.},
  timestamp = {2012.04.17}
}

@ARTICLE{10.1109/TMC.2009.87,
  author = {V. Lenders and M. Martonosi},
  title = {Repeatable and Realistic Experimentation in Mobile Wireless Networks},
  journal = {IEEE Transactions on Mobile Computing},
  year = {2009},
  volume = {8},
  pages = {1718-1728},
  address = {Los Alamitos, CA, USA},
  doi = {http://doi.ieeecomputersociety.org/10.1109/TMC.2009.87},
  issn = {1536-1233},
  owner = {MaYongsen},
  publisher = {IEEE Computer Society},
  timestamp = {2012.05.09}
}

@inproceedings{Pefkianakis:2010,
  author = {Pefkianakis, Ioannis and Hu, Yun and Wong, Starsky H.Y. and Yang, Hao and Lu, Songwu},
 title = {MIMO rate adaptation in 802.11n wireless networks},
 booktitle = {Proceedings of the sixteenth annual international conference on Mobile computing and networking},
 series = {MobiCom '10},
 year = {2010},
 isbn = {978-1-4503-0181-7},
 location = {Chicago, Illinois, USA},
 pages = {257--268},
 numpages = {12},
 doi = {10.1145/1859995.1860025},
 acmid = {1860025},
 publisher = {ACM},
 address = {New York, NY, USA},
  timestamp = {2012.05.16}
}

@INPROCEEDINGS{Pelechrinis2010high,
 author = {Pelechrinis, Konstantinos and Salonidis, Theodoros and Lundgren, Henrik and Vaidya, Nitin},
 title = {Experimental characterization of 802.11n link quality at high rates},
 booktitle = {Proceedings of the fifth ACM international workshop on Wireless network testbeds, experimental evaluation and characterization},
 series = {WiNTECH '10},
 year = {2010},
 isbn = {978-1-4503-0140-4},
 location = {Chicago, Illinois, USA},
 pages = {39--46},
 numpages = {8},
 doi = {10.1145/1860079.1860087},
 acmid = {1860087},
 publisher = {ACM},
 address = {New York, NY, USA},
 keywords = {802.11n, mimo, packet delivery ratio},
  owner = {MaYongsen},
  timestamp = {2012.05.03}
}

@ARTICLE{perahia2008next,
  author = {Perahia, E. and Stacey, R.},
  title = {{Next Generation Wireless LANs}: throughput, robustness and reliability in 802.11n},
  journal = {Recherche},
  year = {2008},
  volume = {67},
  pages = {02},
  owner = {MaYongsen},
  timestamp = {2012.07.15}
}

@INPROCEEDINGS{k.rayanchu:fluid:,
 author = {Rayanchu, Shravan and Shrivastava, Vivek and Banerjee, Suman and Chandra, Ranveer},
 title = {FLUID: improving throughputs in enterprise wireless lans through flexible channelization},
 booktitle = {Proceedings of the 17th annual international conference on Mobile computing and networking},
 series = {MobiCom '11},
 year = {2011},
 isbn = {978-1-4503-0492-4},
 location = {Las Vegas, Nevada, USA},
 pages = {1--12},
 numpages = {12},
 doi = {10.1145/2030613.2030615},
 acmid = {2030615},
 publisher = {ACM},
 address = {New York, NY, USA},
 keywords = {channel width, conflict graph, scheduling, spectrum, wifi},
  owner = {MaYongsen},
  timestamp = {2012.07.11}
}

@INPROCEEDINGS{reis2006model,
  author = {Reis, Charles and Mahajan, Ratul and Rodrig, Maya and Wetherall, David and Zahorjan, John},
 title = {Measurement-based models of delivery and interference in static wireless networks},
 booktitle = {Proceedings of the 2006 conference on Applications, technologies, architectures, and protocols for computer communications},
 series = {SIGCOMM '06},
 year = {2006},
 isbn = {1-59593-308-5},
 location = {Pisa, Italy},
 pages = {51--62},
 numpages = {12},
 doi = {10.1145/1159913.1159921},
 acmid = {1159921},
 publisher = {ACM},
 address = {New York, NY, USA},
 keywords = {RSSI, interference, modeling},
  owner = {MaYongsen},
  timestamp = {2012.04.17}
}

@INPROCEEDINGS{sevani2012sir,
author={Sevani, V. and Raman, B.},
booktitle={Fourth International Conference on Communication Systems and Networks},
title={SIR based interference modeling for wireless mesh networks: A detailed measurement study},
series =  {COMSNETS 2012}
year={2012},
month={jan.},
volume={},
number={},
pages={1 -10},
publisher = {IEEE},
keywords={IEEE 802.11g;PDR;SIR based interference modeling;interference prediction schemes;interferer modulation;interlink interference estimation;interlink interference measurement;measurement centric approach;outdoor environment;outdoor mesh testbed;packet delivery ratio;signal to interference ratio;spatial reuse;transmitter modulation;wireless mesh networks;measurement;radiofrequency interference;wireless mesh networks;},
doi={10.1109/COMSNETS.2012.6151307},
  owner = {MaYongsen},
  timestamp = {2012.04.13}
}

@PATENTS{smith2010mobile,
  author = {Smith, A.},
  title = {Mobile access 2010},
  howpublished = {\url{http://www.pewinternet.org/Reports/2010/Mobile-Access-2010.aspx}},
  year = {2010},
  journal = {Retrieved July},
  owner = {MaYongsen},
  timestamp = {2012.07.15},
  url = {http://www.pewinternet.org/Reports/2010/Mobile-Access-2010.aspx}
}

@PATENTS{wong2008wireless,
  author = {Wong, M. and Gilbert, J. and Barratt, C.},
  title = {Wireless {LAN} using {RSSI} and {BER} parameters for transmission
	rate adaptation},
  year = {2008},
  note = {US Patent 7,369,510},
  owner = {MaYongsen},
  publisher = {Google Patents},
  timestamp = {2012.07.20}
}

@INPROCEEDINGS{zhang2008practical,
author={Jiansong Zhang and Tan, K. and Jun Zhao and Haitao Wu and Yongguang Zhang},
booktitle={INFOCOM 2008},
title={A Practical {SNR}-Guided Rate Adaptation},
year={2008},
month={april},
volume={},
number={},
publisher = {IEEE},
pages={2083 -2091},
keywords={IEEE 802.11 wireless network;MAC layer mechanism;SNR-guided rate adaptation;channel quality;frame delivery ratio;wireless LAN;wireless channels;},
doi={10.1109/INFOCOM.2008.274},
ISSN={0743-166X},
  owner = {MaYongsen},
  timestamp = {2012.07.20}
}

@INPROCEEDINGS{Zhao2003delivery,
  author = {Zhao, Jerry and Govindan, Ramesh},
  title = {Understanding packet delivery performance in dense wireless sensor
	networks},
  booktitle = {Proceedings of the 1st international conference on Embedded networked
	sensor systems},
  year = {2003},
  series = {SenSys '03},
  pages = {1--13},
  address = {New York, NY, USA},
  publisher = {ACM},
  acmid = {958493},
  doi = {10.1145/958491.958493},
  isbn = {1-58113-707-9},
  keywords = {low power radio, packet loss, performance measurement},
  location = {Los Angeles, California, USA},
  numpages = {13},
  owner = {MaYongsen},
  timestamp = {2012.05.03}
}

@ARTICLE{5510775,
author={Hun Seok Kim and Daneshrad, B.},
journal={IEEE Transactions on Wireless Communications},
title={Energy-Constrained Link Adaptation for MIMO OFDM Wireless Communication Systems},
year={2010},
month={september },
volume={9},
number={9},
pages={2820 -2832},
keywords={MIMO OFDM radio;QoS;STBC;energy-constrained link adaptation protocol;maximum likelihood decoding;multiple input multiple output systems;orthogonal frequency division multiplexing;quality of service;receive antennas;space time block coding;spatial multiplexing;transmit antennas;wireless communication systems;zero-forcing decoding;MIMO communication;OFDM modulation;block codes;maximum likelihood decoding;protocols;quality of service;radio links;receiving antennas;space division multiplexing;space-time codes;transmitting antennas;},
doi={10.1109/TWC.2010.062910.090983},
ISSN={1536-1276}
}

@INPROCEEDINGS{6214414,
author={Eraslan, E. and Daneshrad, B.},
booktitle={WCNC 2012},
title={Practical energy efficient link adaptation for {MIMO-OFDM} systems},
year={2012},
month={april},
volume={},
number={},
publisher = {IEEE},
pages={480 -485},
keywords={MIMO-OFDM systems;QoS requirements;computational complexity;energy efficient link adaptation;iterative algorithms;optimal mode;quality of service requirements;MIMO communication;OFDM modulation;computational complexity;iterative methods;quality of service;},
doi={10.1109/WCNC.2012.6214414},
ISSN={1525-3511}
}

@inproceedings{Jang:2011:SEM:2079296.2079308,
 author = {Jang, Ki-Young and Hao, Shuai and Sheth, Anmol and Govindan, Ramesh},
 title = {Snooze: energy management in 802.11n {WLANs}},
 booktitle = {Proceedings of the Seventh COnference on emerging Networking EXperiments and Technologies},
 series = {CoNEXT '11},
 year = {2011},
 isbn = {978-1-4503-1041-3},
 location = {Tokyo, Japan},
 pages = {12:1--12:12},
 articleno = {12},
 numpages = {12},
 doi = {10.1145/2079296.2079308},
 acmid = {2079308},
 publisher = {ACM},
 address = {New York, NY, USA},
 keywords = {802.11n, antenna configuration management, energy saving, micro-sleep}
}

@manual{EWMAChart,
  author = {NIST/SEMATECH},
  title = {e-Handbook of Statistical Methods},
  howpublished = {\url{http://www.itl.nist.gov/div898/handbook/}},
  month = {April.},
  year = {2012},
  chapter = {6.3.2.4. EWMA Control Charts},
  owner = {MaYongsen},
  timestamp = {2012.07.06},
  url = {http://www.itl.nist.gov/div898/handbook/}
}

@PATENTS{minstrel,
  author = {F. Fietkau},
  title = {Minstrel rate control algorithm for mac80211},
  howpublished = {\url{http://madwifi-project.org/browser/madwifi/trunk/ath_rate/minstrel}},
  month = {Jan.},
  year = {2005},
  owner = {MaYongsen},
  timestamp = {2012.07.19},
  url = {http://madwifi-project.org/browser/madwifi/trunk/ath_rate/minstrel}
}

@PATENTS{ath9k,
  title = {Atheros Linux wireless drivers},
  howpublished = {\url{http://linuxwireless.org/en/users/Drivers/ath9k}},
  owner = {MaYongsen},
  timestamp = {2012.07.15},
  url = {http://linuxwireless.org/en/users/Drivers/ath9k}
}

@PATENTS{madwifi,
  title = {The MadWifi Project},
  howpublished = {\url{http://madwifi-project.org}},
  owner = {MaYongsen},
  timestamp = {2012.07.15},
  url = {http://madwifi-project.org}
}
